@article{jodouin90,
	author = "Jodouin, Jean-François",
	title  = "Présentation des modèles connexionnistes",
	year   = "1990"
}

@article{lecun2015,
	author = "LeCun, Yann and Bengio, Yoshua and Hinton, Geoffrey",
	title  = "Deep Learning",
	year   = "2015" 
}

@book{haton2006,
    author = "Haton, Jean-Paul and Cerisara, Christophe and Fohr, Dominique and Laprie, Yves and Smaïli, Kamel",
    title  = "Reconnaissance automatique de la parole : Du signal à son interprétation",
    year   = "2006",	
    chapter = "3",
    pages = "55"
}

